@book{american_2013,
  title={Diagnostic and statistical manual of mental disorders (DSM-5{\textregistered})},
  author={American Psychiatric Association and others},
  year={2013},
  publisher={American Psychiatric Pub}
}

@article{ball_1998,
  title={Big policies/small world: An introduction to international perspectives in education policy},
  author={Ball, Stephen J},
  journal={Comparative education},
  volume={34},
  number={2},
  pages={119--130},
  year={1998},
  publisher={Taylor \& Francis}
}

@Manual{R-base,
  title = {R: A Language and Environment for Statistical Computing},
  author = {{R Core Team}},
  organization = {R Foundation for Statistical Computing},
  address = {Vienna, Austria},
  year = {2020},
  url = {https://www.R-project.org/},
}

@article{cohen_2009,
  title={School climate: Research, policy, practice, and teacher education},
  author={Cohen, Jonathan and McCabe, Libby and Michelli, Nicholas M and Pickeral, Terry},
  journal={Teachers college record},
  volume={111},
  number={1},
  pages={180--213},
  year={2009},
  publisher={Columbia}
}

citation("dplyr")

citation("esc")

citation("GGally")

@article{gu_2018,
  title={How principals of successful schools enact education policy: Perceptions and accounts from senior and middle leaders},
  author={Gu, Qing and Sammons, Pam and Chen, Junjun},
  journal={Leadership and Policy in Schools},
  volume={17},
  number={3},
  pages={373--390},
  year={2018},
  publisher={Taylor \& Francis}
}

citation("here")

citation("janitor")

@article{kanevsky_2013,
  title={Accelerating Gifted Students in Canada: Policies and Possibilities.},
  author={Kanevsky, Lannie S and Clelland, Debbie},
  journal={Canadian Journal of Education},
  volume={36},
  number={3},
  pages={229--271},
  year={2013},
  publisher={JSTOR}
}

@article{lambert_2017,
  title={Public education: Reflections on fifteen years of public policy},
  author={Lambert, Susan},
  journal={BC Studies: The British Columbian Quarterly},
  number={194},
  pages={163--173},
  year={2017}
}

@article{lo_2019,
  title={Reenvisioning Gifted Education in British Columbia: A Qualitative Research Protocol of Policy Analysis in the Context of a Redesigned Curriculum},
  author={Lo, C Owen and Tan, Yuen Sze Michelle and Chrostowski, Megan and Hu, Shun-Fu and Chan, Diana and Sue, Deanna M and Wu, I-Chen and Li, Wei},
  journal={International Journal of Qualitative Methods},
  volume={18},
  pages={1609406918822233},
  year={2019},
  publisher={SAGE Publications Sage CA: Los Angeles, CA}
}

@article{luke_2009,
  title={A model for research-based state professional development policy},
  author={Luke, Allan and McArdle, Felicity},
  journal={Asia-Pacific Journal of Teacher Education},
  volume={37},
  number={3},
  pages={231--251},
  year={2009},
  publisher={Taylor \& Francis}
}

@article{michelmore_2017,
  title={The gap within the gap: Using longitudinal data to understand income differences in educational outcomes},
  author={Michelmore, Katherine and Dynarski, Susan},
  journal={AERA Open},
  volume={3},
  number={1},
  pages={2332858417692958},
  year={2017},
  publisher={SAGE Publications Sage CA: Los Angeles, CA}
}

@Manual{R-papaja,
  author = {Frederik Aust and Marius Barth},
  title = {{papaja}: {Create} {APA} manuscripts with {R Markdown}},
  year = {2020},
  note = {R package version 0.1.0.9997},
  url = {https://github.com/crsh/papaja},
}

citation("readxl")

@article{swanson_2007,
  title={Policy and practice: A case study of gifted education policy implementation},
  author={Swanson, Julie Dingle},
  journal={Journal for the Education of the Gifted},
  volume={31},
  number={2},
  pages={131--164},
  year={2007},
  publisher={SAGE Publications Sage CA: Los Angeles, CA}
}

citation("tidyverse")

@article{walker_2013,
  title={Teacher Education Policy in Canada: Beyond Professionalization and Deregulation.},
  author={Walker, Judith and von Bergmann, HsingChi},
  journal={Canadian Journal of Education},
  volume={36},
  number={4},
  pages={65--92},
  year={2013},
  publisher={JSTOR}
}
@Manual{R-dplyr,
  title = {dplyr: A Grammar of Data Manipulation},
  author = {Hadley Wickham and Romain François and Lionel {
             Henry} and Kirill Müller},
  year = {2020},
  note = {R package version 1.0.2},
  url = {https://CRAN.R-project.org/package=dplyr},
}
@Manual{R-esc,
  title = {esc: Effect Size Computation for Meta Analysis (Version 0.5.1)},
  author = {Daniel Lüdecke},
  year = {2019},
  url = {https://CRAN.R-project.org/package=esc},
  doi = {10.5281/zenodo.1249218},
}
@Manual{R-forcats,
  title = {forcats: Tools for Working with Categorical Variables (Factors)},
  author = {Hadley Wickham},
  year = {2020},
  note = {R package version 0.5.0},
  url = {https://CRAN.R-project.org/package=forcats},
}
@Manual{R-GGally,
  title = {GGally: Extension to 'ggplot2'},
  author = {Barret Schloerke and Di Cook and Joseph Larmarange and Francois Briatte and Moritz Marbach and Edwin Thoen and Amos Elberg and Jason Crowley},
  year = {2020},
  note = {R package version 2.0.0},
  url = {https://CRAN.R-project.org/package=GGally},
}
@Book{R-ggplot2,
  author = {Hadley Wickham},
  title = {ggplot2: Elegant Graphics for Data Analysis},
  publisher = {Springer-Verlag New York},
  year = {2016},
  isbn = {978-3-319-24277-4},
  url = {https://ggplot2.tidyverse.org},
}
@Manual{R-here,
  title = {here: A Simpler Way to Find Your Files},
  author = {Kirill Müller},
  year = {2017},
  note = {R package version 0.1},
  url = {https://CRAN.R-project.org/package=here},
}
@Manual{R-janitor,
  title = {janitor: Simple Tools for Examining and Cleaning Dirty Data},
  author = {Sam Firke},
  year = {2020},
  note = {R package version 2.0.1},
  url = {https://CRAN.R-project.org/package=janitor},
}
@Manual{R-kableExtra,
  title = {kableExtra: Construct Complex Table with 'kable' and Pipe Syntax},
  author = {Hao Zhu},
  year = {2020},
  note = {R package version 1.3.1},
  url = {https://CRAN.R-project.org/package=kableExtra},
}
@Manual{R-purrr,
  title = {purrr: Functional Programming Tools},
  author = {Lionel Henry and Hadley Wickham},
  year = {2020},
  note = {R package version 0.3.4},
  url = {https://CRAN.R-project.org/package=purrr},
}
@Manual{R-readr,
  title = {readr: Read Rectangular Text Data},
  author = {Hadley Wickham and Jim Hester},
  year = {2020},
  note = {R package version 1.4.0},
  url = {https://CRAN.R-project.org/package=readr},
}
@Manual{R-readxl,
  title = {readxl: Read Excel Files},
  author = {Hadley Wickham and Jennifer Bryan},
  year = {2019},
  note = {R package version 1.3.1},
  url = {https://CRAN.R-project.org/package=readxl},
}
@Manual{R-stringr,
  title = {stringr: Simple, Consistent Wrappers for Common String Operations},
  author = {Hadley Wickham},
  year = {2019},
  note = {R package version 1.4.0},
  url = {https://CRAN.R-project.org/package=stringr},
}
@Manual{R-tibble,
  title = {tibble: Simple Data Frames},
  author = {Kirill Müller and Hadley Wickham},
  year = {2020},
  note = {R package version 3.0.4},
  url = {https://CRAN.R-project.org/package=tibble},
}
@Manual{R-tidyr,
  title = {tidyr: Tidy Messy Data},
  author = {Hadley Wickham},
  year = {2020},
  note = {R package version 1.1.2},
  url = {https://CRAN.R-project.org/package=tidyr},
}
@Article{R-tidyverse,
  title = {Welcome to the {tidyverse}},
  author = {Hadley Wickham and Mara Averick and Jennifer Bryan and Winston Chang and Lucy D'Agostino McGowan and Romain François and Garrett Grolemund and Alex Hayes and Lionel Henry and Jim Hester and Max Kuhn and Thomas Lin Pedersen and Evan Miller and Stephan Milton Bache and Kirill Müller and Jeroen Ooms and David Robinson and Dana Paige Seidel and Vitalie Spinu and Kohske Takahashi and Davis Vaughan and Claus Wilke and Kara Woo and Hiroaki Yutani},
  year = {2019},
  journal = {Journal of Open Source Software},
  volume = {4},
  number = {43},
  pages = {1686},
  doi = {10.21105/joss.01686},
}
